<?xml version="1.0" encoding="UTF-8"?>
<record xmlns="http://www.loc.gov/MARC21/slim">
  <leader>00747nam a2200229Ia 4500</leader>
  <controlfield tag="001">3587039</controlfield>
  <controlfield tag="005">20101018114400.0</controlfield>
  <controlfield tag="008">770916s1792    enk           000 0 eng d</controlfield>
  <datafield tag="035" ind1=" " ind2=" ">
    <subfield code="a">(OCoLC)3268036</subfield>
  </datafield>
  <datafield tag="035" ind1=" " ind2=" ">
    <subfield code="a">ocm03268036</subfield>
  </datafield>
  <datafield tag="040" ind1=" " ind2=" ">
    <subfield code="a">DLM</subfield>
    <subfield code="c">DLM</subfield>
    <subfield code="d">OCL</subfield>
    <subfield code="d">OCLCQ</subfield>
  </datafield>
  <datafield tag="049" ind1=" " ind2=" ">
    <subfield code="a">BRLL</subfield>
  </datafield>
  <datafield tag="090" ind1=" " ind2=" ">
    <subfield code="a">HT1033</subfield>
    <subfield code="b">.C73 1792b</subfield>
  </datafield>
  <datafield tag="099" ind1=" " ind2=" ">
    <subfield code="a">H.710.F83Aj</subfield>
  </datafield>
  <datafield tag="100" ind1="1" ind2=" ">
    <subfield code="a">Fox, William,</subfield>
    <subfield code="d">fl. 1791-1813.</subfield>
  </datafield>
  <datafield tag="245" ind1="1" ind2="3">
    <subfield code="a">An address to the people of Great Britain, on the propriety of abstaining from West India sugar and rum ...</subfield>
  </datafield>
  <datafield tag="250" ind1=" " ind2=" ">
    <subfield code="a">10th ed., with additions.</subfield>
  </datafield>
  <datafield tag="260" ind1=" " ind2=" ">
    <subfield code="a">London, printed, Philadelphia :</subfield>
    <subfield code="b">re-printed by Daniel Lawrence,</subfield>
    <subfield code="c">M.DCC.XCII. [1792].</subfield>
  </datafield>
  <datafield tag="300" ind1=" " ind2=" ">
    <subfield code="a">16, [3] p.</subfield>
    <subfield code="c">17 cm.</subfield>
  </datafield>
  <datafield tag="500" ind1=" " ind2=" ">
    <subfield code="a">Halkett &amp; Lang I, 32.</subfield>
  </datafield>
  <datafield tag="650" ind1=" " ind2="0">
    <subfield code="a">Slave trade.</subfield>
  </datafield>
  <datafield tag="994" ind1=" " ind2=" ">
    <subfield code="a">C0</subfield>
    <subfield code="b">BRL</subfield>
  </datafield>
</record>
